@article{reich2019collaborative,
  title={A collaborative multiyear, multimodel assessment of seasonal influenza forecasting in the United States},
  author={Reich, Nicholas G and Brooks, Logan C and Fox, Spencer J and Kandula, Sasikiran and McGowan, Craig J and Moore, Evan and Osthus, Dave and Ray, Evan L and Tushar, Abhinav and Yamana, Teresa K and others},
  journal={Proceedings of the National Academy of Sciences},
  volume={116},
  number={8},
  pages={3146--3154},
  year={2019},
  publisher={National Acad Sciences}
}

@article{gneiting2007strictly,
  title={Strictly proper scoring rules, prediction, and estimation},
  author={Gneiting, Tilmann and Raftery, Adrian E},
  journal={Journal of the American statistical Association},
  volume={102},
  number={477},
  pages={359--378},
  year={2007},
  publisher={Taylor \& Francis}
}

@article{bracher2021evaluating,
  title={Evaluating epidemic forecasts in an interval format},
  author={Bracher, Johannes and Ray, Evan L and Gneiting, Tilmann and Reich, Nicholas G},
  journal={PLoS computational biology},
  volume={17},
  number={2},
  pages={e1008618},
  year={2021},
  publisher={Public Library of Science San Francisco, CA USA}
}

@article{nirwan2020bayesian,
  title={Bayesian Quantile Matching Estimation},
  author={Nirwan, Rajbir-Singh and Bertschinger, Nils},
  journal={arXiv preprint arXiv:2008.06423},
  year={2020}
}

@article{dominicy2013method,
  title={The method of simulated quantiles},
  author={Dominicy, Yves and Veredas, David},
  journal={Journal of Econometrics},
  volume={172},
  number={2},
  pages={235--247},
  year={2013},
  publisher={Elsevier}
}

@article{reich2019accuracy,
  title={Accuracy of real-time multi-model ensemble forecasts for seasonal influenza in the US},
  author={Reich, Nicholas G and McGowan, Craig J and Yamana, Teresa K and Tushar, Abhinav and Ray, Evan L and Osthus, Dave and Kandula, Sasikiran and Brooks, Logan C and Crawford-Crudell, Willow and Gibson, Graham Casey and others},
  journal={PLoS computational biology},
  volume={15},
  number={11},
  pages={e1007486},
  year={2019},
  publisher={Public Library of Science San Francisco, CA USA}
}

@article{cramer2021evaluation,
  title={Evaluation of individual and ensemble probabilistic forecasts of COVID-19 mortality in the US},
  author={Cramer, Estee Y and Lopez, Velma K and Niemi, Jarad and George, Glover E and Cegan, Jeffrey C and Dettwiller, Ian D and England, William P and Farthing, Matthew W and Hunter, Robert H and Lafferty, Brandon and others},
  journal={medRxiv},
  year={2021}
}

@article{hersbach2000decomposition,
  title={Decomposition of the continuous ranked probability score for ensemble prediction systems},
  author={Hersbach, Hans},
  journal={Weather and Forecasting},
  volume={15},
  number={5},
  pages={559--570},
  year={2000},
  publisher={American Meteorological Society}
}


@article{alves2013ncep,
  title={The NCEP--FNMOC combined wave ensemble product: Expanding benefits of interagency probabilistic forecasts to the oceanic environment},
  author={Alves, Jose-Henrique GM and Wittmann, Paul and Sestak, Michael and Schauer, Jessica and Stripling, Scott and Bernier, Natacha B and McLean, Jamie and Chao, Yung and Chawla, Arun and Tolman, Hendrik and others},
  journal={Bulletin of the American Meteorological Society},
  volume={94},
  number={12},
  pages={1893--1905},
  year={2013},
  publisher={American Meteorological Society}
}

@article {Cramer2021-hub-dataset,
	author = {Cramer, Estee Y and Huang, Yuxin and Wang, Yijin and Ray, Evan L and Cornell, Matthew and Bracher, Johannes and Brennen, Andrea and Castro Rivadeneira, Alvaro J and Gerding, Aaron and House, Katie and Jayawardena, Dasuni and Kanji, Abdul H and Khandelwal, Ayush and Le, Khoa and Niemi, Jarad and Stark, Ariane and Shah, Apurv and Wattanachit, Nutcha and Zorn, Martha W and Reich, Nicholas G and US COVID-19 Forecast Hub Consortium},
	title = {The United States COVID-19 Forecast Hub dataset},
	year = {2021},
	doi = {10.1101/2021.11.04.21265886},
	URL = {https://www.medrxiv.org/content/10.1101/2021.11.04.21265886v1},
	journal = {medRxiv}
}

@article{raftery2005using,
  title={Using Bayesian model averaging to calibrate forecast ensembles},
  author={Raftery, Adrian E and Gneiting, Tilmann and Balabdaoui, Fadoua and Polakowski, Michael},
  journal={Monthly weather review},
  volume={133},
  number={5},
  pages={1155--1174},
  year={2005}
}


@article{wolpert1992stacked,
  title={Stacked generalization},
  author={Wolpert, David H},
  journal={Neural networks},
  volume={5},
  number={2},
  pages={241--259},
  year={1992},
  publisher={Elsevier}
}

@article{ray2018prediction,
  title={Prediction of infectious disease epidemics via weighted density ensembles},
  author={Ray, Evan L and Reich, Nicholas G},
  journal={PLoS computational biology},
  volume={14},
  number={2},
  pages={e1005910},
  year={2018},
  publisher={Public Library of Science San Francisco, CA USA}
}


@article{chakraborty2015generating,
  title={Generating discrete analogues of continuous probability distributions-A survey of methods and constructions},
  author={Chakraborty, Subrata},
  journal={Journal of Statistical Distributions and Applications},
  volume={2},
  number={1},
  pages={1--30},
  year={2015},
  publisher={Springer}
}

@article{kemp2004classes,
  title={Classes of discrete lifetime distributions},
  author={Kemp, Adrienne W},
  year={2004},
  publisher={Taylor \& Francis}
}

@article{brooks2020comparing,
  title={Comparing ensemble approaches for short-term probabilistic covid-19 forecasts in the us},
  author={Brooks, Logan C and Ray, Evan L and Bien, Jacob and Bracher, Johannes and Rumack, Aaron and Tibshirani, Ryan J and Reich, Nicholas G},
  journal={International Institute of Forecasters},
  year={2020}
}

@inproceedings{quinonero2005evaluating,
  title={Evaluating predictive uncertainty challenge},
  author={Quinonero-Candela, Joaquin and Rasmussen, Carl Edward and Sinz, Fabian and Bousquet, Olivier and Sch{\"o}lkopf, Bernhard},
  booktitle={Machine Learning Challenges Workshop},
  pages={1--27},
  year={2005},
  organization={Springer}
}


@article{bogner2017combining,
  title={Combining quantile forecasts and predictive distributions of streamflows},
  author={Bogner, Konrad and Liechti, Katharina and Zappa, Massimiliano},
  journal={Hydrology and Earth System Sciences},
  volume={21},
  number={11},
  pages={5493--5502},
  year={2017},
  publisher={Copernicus GmbH}
}

@article{krueger2016probabilistic,
  title={Probabilistic forecasting and comparative model assessment based on Markov chain Monte Carlo output},
  author={Krueger, Fabian and Lerch, Sebastian and Thorarinsdottir, Thordis L and Gneiting, Tilmann},
  journal={arXiv preprint arXiv:1608.06802},
  volume={12},
  year={2016}
}

@article{gneiting2007probabilistic,
  title={Probabilistic forecasts, calibration and sharpness},
  author={Gneiting, Tilmann and Balabdaoui, Fadoua and Raftery, Adrian E},
  journal={Journal of the Royal Statistical Society: Series B (Statistical Methodology)},
  volume={69},
  number={2},
  pages={243--268},
  year={2007},
  publisher={Wiley Online Library}
}

@article{gneiting2013combining,
  title={Combining predictive distributions},
  author={Gneiting, Tilmann and Ranjan, Roopesh},
  journal={Electronic Journal of Statistics},
  volume={7},
  pages={1747--1782},
  year={2013},
  publisher={Institute of Mathematical Statistics and Bernoulli Society}
}

@article{baran2016mixture,
  title={Mixture EMOS model for calibrating ensemble forecasts of wind speed},
  author={Baran, S{\'a}ndor and Lerch, Sebastian},
  journal={Environmetrics},
  volume={27},
  number={2},
  pages={116--130},
  year={2016},
  publisher={Wiley Online Library}
}

@article{baran2018combining,
  title={Combining predictive distributions for the statistical post-processing of ensemble forecasts},
  author={Baran, S{\'a}ndor and Lerch, Sebastian},
  journal={International Journal of Forecasting},
  volume={34},
  number={3},
  pages={477--496},
  year={2018},
  publisher={Elsevier}
}


@article{taylor2021evaluating,
  title={Evaluating quantile-bounded and expectile-bounded interval forecasts},
  author={Taylor, James W},
  journal={International Journal of Forecasting},
  volume={37},
  number={2},
  pages={800--811},
  year={2021},
  publisher={Elsevier}
}


@article{yamana2016superensemble,
  title={Superensemble forecasts of dengue outbreaks},
  author={Yamana, Teresa K and Kandula, Sasikiran and Shaman, Jeffrey},
  journal={Journal of The Royal Society Interface},
  volume={13},
  number={123},
  pages={20160410},
  year={2016},
  publisher={The Royal Society}
}

@article{lewis2005roots,
  title={Roots of ensemble forecasting},
  author={Lewis, John M},
  journal={Monthly weather review},
  volume={133},
  number={7},
  pages={1865--1885},
  year={2005}
}

@article{leutbecher2008ensemble,
  title={Ensemble forecasting},
  author={Leutbecher, Martin and Palmer, Tim N},
  journal={Journal of computational physics},
  volume={227},
  number={7},
  pages={3515--3539},
  year={2008},
  publisher={Elsevier}
}

@online{cdcflusight,
  author = {Centers for Disease Control and Prevention},
  title = {FluSight: Flu Forecasting},
  year = 2021,
  url = {https://www.cdc.gov/flu/weekly/flusight/index.html},
  urldate = {2022-02-03}
}

@article{mcgowan2019collaborative,
  title={Collaborative efforts to forecast seasonal influenza in the United States, 2015--2016},
  author={McGowan, Craig J and Biggerstaff, Matthew and Johansson, Michael and Apfeldorf, Karyn M and Ben-Nun, Michal and Brooks, Logan and Convertino, Matteo and Erraguntla, Madhav and Farrow, David C and Freeze, John and others},
  journal={Scientific reports},
  volume={9},
  number={1},
  pages={1--13},
  year={2019},
  publisher={Nature Publishing Group}
}

@article{mcandrew2019adaptively,
  title={Adaptively stacking ensembles for influenza forecasting with incomplete data},
  author={McAndrew, Thomas and Reich, Nicholas G},
  journal={arXiv preprint arXiv:1908.01675},
  year={2019}
}

@article{gneiting2014probabilistic,
  title={Probabilistic forecasting},
  author={Gneiting, Tilmann and Katzfuss, Matthias},
  journal={Annual Review of Statistics and Its Application},
  volume={1},
  pages={125--151},
  year={2014},
  publisher={Annual Reviews}
}

@article{vrugt2008ensemble,
  title={Ensemble Bayesian model averaging using Markov chain Monte Carlo sampling},
  author={Vrugt, Jasper A and Diks, Cees GH and Clark, Martyn P},
  journal={Environmental fluid mechanics},
  volume={8},
  number={5},
  pages={579--595},
  year={2008},
  publisher={Springer}
}

@article{busetti2017quantile,
  title={Quantile aggregation of density forecasts},
  author={Busetti, Fabio},
  journal={Oxford Bulletin of Economics and Statistics},
  volume={79},
  number={4},
  pages={495--512},
  year={2017},
  publisher={Wiley Online Library}
}

@article{ratcliff1979group,
  title={Group reaction time distributions and an analysis of distribution statistics.},
  author={Ratcliff, Roger},
  journal={Psychological bulletin},
  volume={86},
  number={3},
  pages={446},
  year={1979},
  publisher={American Psychological Association}
}

@article{lichtendahl2013better,
  title={Is it better to average probabilities or quantiles?},
  author={Lichtendahl Jr, Kenneth C and Grushka-Cockayne, Yael and Winkler, Robert L},
  journal={Management Science},
  volume={59},
  number={7},
  pages={1594--1611},
  year={2013},
  publisher={INFORMS}
}

@article{schepen2015model,
  title={Model averaging methods to merge operational statistical and dynamic seasonal streamflow forecasts in Australia},
  author={Schepen, Andrew and Wang, QJ},
  journal={Water Resources Research},
  volume={51},
  number={3},
  pages={1797--1812},
  year={2015},
  publisher={Wiley Online Library}
}

@article{groen2013real,
  title={Real-time inflation forecasting in a changing world},
  author={Groen, Jan JJ and Paap, Richard and Ravazzolo, Francesco},
  journal={Journal of Business \& Economic Statistics},
  volume={31},
  number={1},
  pages={29--44},
  year={2013},
  publisher={Taylor \& Francis}
}

@article{ray2020ensemble,
  title={Ensemble forecasts of coronavirus disease 2019 (covid-19) in the us},
  author={Ray, Evan L and Wattanachit, Nutcha and Niemi, Jarad and Kanji, Abdul Hannan and House, Katie and Cramer, Estee Y and Bracher, Johannes and Zheng, Andrew and Yamana, Teresa K and Xiong, Xinyue and others},
  journal={MedRXiv},
  year={2020},
  publisher={Cold Spring Harbor Laboratory Press}
}

@article{camphausen2007distr,
  title={The distr Package},
  author={Camphausen, Florian and Kohl, Matthias and Ruckdeschel, Peter and Stabla, Thomas and Ruckdeschel, Maintainer Peter},
  year={2007}
}